@misc{cellPlans,
 author = {Mashable},
 title = {Cellphone Plans Could Be Data-Only in 2 Years, Says ATT CEO},
 howpusblished = {\url{http://mashable.com/2012/06/02/data-only-mobile-plans/}},
 month = feb,
 year = 2012
}